@article{jones1997ecosystem,
  title={Ecosystem engineering by organisms: why semantics matters},
  author={Jones, Clive G and Lawton, John H and Shachak, Moshe},
  journal={Trends in Ecology \& Evolution},
  volume={12},
  number={7},
  pages={275},
  year={1997},
  publisher={Elsevier}
}

@article{power1997estimating,
  title={Estimating impacts of a dominant detritivore in a neotropical stream},
  author={Power, Mary E},
  journal={Trends in ecology \& evolution},
  volume={12},
  number={2},
  pages={47--49},
  year={1997},
  publisher={Elsevier}
}

@article{flecker1996ecosystem,
  title={Ecosystem engineering by a dominant detritivore in a diverse tropical stream},
  author={Flecker, Alexander S},
  journal={Ecology},
  volume={77},
  number={6},
  pages={1845--1854},
  year={1996},
  publisher={Wiley Online Library}
}

@incollection{jones1994organisms,
  title={Organisms as ecosystem engineers},
  author={Jones, Clive G and Lawton, John H and Shachak, Moshe},
  booktitle={Ecosystem management},
  pages={130--147},
  year={1994},
  publisher={Springer}
}

@book{iso704,
  title={ISO 704:2009(E) Terminology work -- Principles and methods},
  author={Anonymous},
  year={2009},
  publisher={International Organization for Standardization -- ISO}
}

@book{terminorgs2016,
  title={Terminology Starter Guide},
  editor={Kara Warburton},
  year={2016},
  publisher={Terminology for Large Organizations (TerminOrgs)}
}

@article{picht2011science,
  title={The science of terminology: History and evolution},
  author={Picht, Heribert and others},
  journal={Terminologija},
  number={18},
  pages={6--26},
  year={2011},
  publisher={Lietuvi{\k{u}} Kalbos Institutas}
}


@article{pavel2001precis,
  title={Pr{\'e}cis de terminologie/The Handbook of Terminology},
  author={Pavel, Silvia and Nolet, Diane},
  journal={Adapted into English by Christine Leonhardt. Hull: Public Works and Government Services of Canada},
  year={2001}
}

@article{roth1992two,
  title={Two-sided matching},
  author={Roth, Alvin E and Sotomayor, Marilda},
  journal={Handbook of game theory with economic applications},
  volume={1},
  pages={485--541},
  year={1992},
  publisher={Elsevier}
}

@article{roth2002economist,
  title={The economist as engineer: Game theory, experimentation, and computation as tools for design economics},
  author={Roth, Alvin E},
  journal={Econometrica},
  volume={70},
  number={4},
  pages={1341--1378},
  year={2002},
  publisher={Wiley Online Library}
}

@article{roth2002last,
  title={Last-minute bidding and the rules for ending second-price auctions: Evidence from eBay and Amazon auctions on the Internet},
  author={Roth, Alvin E and Ockenfels, Axel},
  journal={American economic review},
  volume={92},
  number={4},
  pages={1093--1103},
  year={2002}
}

@article{hodges2008defining,
  title={Defining the problem: terminology and progress in ecology},
  author={Hodges, Karen E},
  journal={Frontiers in Ecology and the Environment},
  volume={6},
  number={1},
  pages={35--42},
  year={2008},
  publisher={Wiley Online Library}
}

@book{atkins2008oxford,
  title={The Oxford guide to practical lexicography},
  author={Atkins, BT Sue and Rundell, Michael},
  year={2008},
  publisher={Oxford University Press}
}


@misc{wiki-grizzly-bear,
booktitle = {Wikipedia},
title = {{Wikipedia - Grizzly Bear}},
url = {https://en.wikipedia.org/wiki/Grizzly_bear},
year = {2019}
}


@misc{oed-load,
booktitle = {Oxford Dictionaries},
title = {{Load | Definition of Load in English by Oxford Dictionaries}},
url = {http://en.oxforddictionaries.com/definition/load},
year = {2019}
}

@misc{iowa-dot-cargo,
booktitle = {IOWA Department of Transportation},
title = {{IOWA DOT Cargo definition}},
url = {https://iowadot.gov/glossary/},
year = {2019}
}

@misc{chrobinson-truckload,
booktitle = {C.H. Robinson FreightQuote},
title = {{C.H. Robinson FreightQuote Truckload definition}},
url = {https://www.freightquote.com/define/what-is-truckload-freight-shipping},
year = {2019}
}

@misc{xpolog-inv-pres-aug-2019,
booktitle = {XPO Logistics},
title = {{XPO Logistics Investor Presentation August 2019}},
url = {http://investors.xpo.com/static-files/7609310e-8657-477f-81af-7f166698924d},
year = {2019}
}

@article{golder2004terrorism,
  title={What is Terrorism-Problems of Legal Definition},
  author={Golder, Ben and George, Williams},
  journal={UNSWLJ},
  volume={27},
  pages={270},
  year={2004},
  publisher={HeinOnline}
}
@misc{uk-terrorism-act,
booktitle = {United Kingdom},
title = {{UK Terrorism Act}},
url = {https://www.legislation.gov.uk/ukpga/2000/11/section/1},
year = {2000}
}
@article{bartelson2000three,
  title={Three concepts of globalization},
  author={Bartelson, Jens},
  journal={International Sociology},
  volume={15},
  number={2},
  pages={180--196},
  year={2000},
  publisher={Sage Publications}
}
@misc{unterm-globalization,
booktitle = {United Nations},
title = {{UNTERM - Globalization}},
url = {https://unterm.un.org/UNTERM/portal/welcome},
year = {2019}
}
@misc{unesc-terminology,
booktitle = {United Nations Economic and Social Council},
title = {{Compendium of basic United Nations terminology in governance and public administration}},
url = {https://publicadministration.un.org/publications/content/PDFs/E-Library%20Archives/2008%20CEPA_Compendium%20of%20Basic%20UN%20Terminology.pdf},
year = {2019}
}
@misc{awf-giraffe,
booktitle = {African Wildlife Foundation},
title = {{The World's Tallest Mammal Is at Risk of Becoming Extinct in the Wild}},
url = {http://www.awf.org/wildlife-conservation/giraffe},
year = {2019}
}
@article{karr1991biological,
  title={Biological integrity: a long-neglected aspect of water resource management},
  author={Karr, James R},
  journal={Ecological applications},
  volume={1},
  number={1},
  pages={66--84},
  year={1991},
  publisher={Wiley Online Library}
}
@misc{undp-glossary,
booktitle = {UNDP},
title = {{United Nations Development Programme Glossary}},
url = {http://www.sdfinance.undp.org/content/sdfinance/en/home/glossary.html},
year = {2019}
}
@misc{def-context,
booktitle = {Oxford Dictionaries},
title = {{Context | Definition of Context in English by Oxford Dictionaries}},
url = {http://en.oxforddictionaries.com/definition/context},
year = {2019}
}
@incollection{Rysiew2016,
author = {Rysiew, Patrick},
booktitle = {Stanford Encyclopedia of Philosophy},
keywords = {ilang},
mendeley-tags = {ilang},
publisher = {Stanford University},
title = {{Epistemic Contextualism}},
url = {http://plato.stanford.edu/entries/contextualism-epistemology/},
year = {2017}
}
@inproceedings{abowd1999towards,
  title={Towards a better understanding of context and context-awareness},
  author={Abowd, Gregory D and Dey, Anind K and Brown, Peter J and Davies, Nigel and Smith, Mark and Steggles, Pete},
  booktitle={International symposium on handheld and ubiquitous computing},
  pages={304--307},
  year={1999},
  organization={Springer}
}
@misc{wikipedia-context-computing,
booktitle = {Wikipedia},
title = {{Wikipedia - Context (Computing)}},
url = {http://en.wikipedia.org/wiki/Context_(computing)},
year = {2019}
}
@misc{def-satellite,
booktitle = {Oxford Dictionaries},
title = {{Satellite | Definition of Satellite in English by Oxford Dictionaries}},
url = {http://en.oxforddictionaries.com/definition/satellite},
year = {2019}
}
@misc{nasa-satellite-58,
booktitle = {NASA},
title = {{NASA Knows! (Grades 5-8) - What Is a Satellite?}},
url = {http://www.nasa.gov/audience/forstudents/5-8/features/nasa-knows/what-is-a-satellite-58.html},
year = {2019}
}
@misc{nasa-satellite-k4,
booktitle = {NASA},
title = {{NASA Knows! (Grades K-4) - What Is a Satellite?}},
url = {http://www.nasa.gov/audience/forstudents/k-4/stories/nasa-knows/what-is-a-satellite-k4.html},
year = {2019}
}
@misc{wikipedia-satellite,
booktitle = {Wikipedia},
title = {{Wikipedia - Satellite}},
url = {http://en.wikipedia.org/wiki/Satellite},
year = {2019}
}
@misc{wikipedia-specialty-medicine,
booktitle = {Wikipedia},
title = {{Wikipedia - Specialty (Medicine)}},
url = {http://en.wikipedia.org/wiki/Specialty_(medicine)},
year = {2019}
}
@article{rochet2006two,
  title={Two-sided markets: a progress report},
  author={Rochet, Jean-Charles and Tirole, Jean},
  journal={The RAND journal of economics},
  volume={37},
  number={3},
  pages={645--667},
  year={2006},
  publisher={Wiley Online Library}
}
@article{roson2005two,
  title={Two-sided markets: A tentative survey},
  author={Roson, Roberto},
  journal={Review of Network Economics},
  volume={4},
  number={2},
  year={2005},
  publisher={De Gruyter}
}
@misc{def-client,
booktitle = {Oxford Dictionaries},
title = {{Client | Definition of Client in English by Oxford Dictionaries}},
url = {http://en.oxforddictionaries.com/definition/client},
year = {2019}
}
@misc{def-physician,
booktitle = {Oxford Dictionaries},
title = {{Physician | Definition of Physician in English by Oxford Dictionaries}},
url = {http://en.oxforddictionaries.com/definition/physician},
year = {2019}
}
@article{yasseri2014most,
  title={The Most Controversial Topics in Wikipedia},
  author={Yasseri, Taha and Spoerri, Anselm and Graham, Mark and Kert{\'e}sz, J{\'a}nos},
  journal={Global Wikipedia: International and cross-cultural issues in online collaboration},
  volume={25},
  year={2014}
}
@misc{wikipedia-controversial-issues,
booktitle = {Wikipedia},
title = {{Wikipedia - List of Controversial Issues}},
url = {http://en.wikipedia.org/wiki/Wikipedia:List_of_controversial_issues},
year = {2019}
}
@misc{bulbapedia-pikachu,
booktitle = {Bulbapedia, the community-driven Pok\'{e}mon encyclopedia},
title = {{Bulbapedia - Pikachu}},
url = {https://bulbapedia.bulbagarden.net/wiki/Pikachu},
year = {2019}
}
@misc{wikipedia-pikachu,
booktitle = {Wikipedia},
title = {{Wikipedia - Pikachu}},
url = {https://en.wikipedia.org/wiki/Pikachu},
year = {2019}
}
@misc{def-pokemon,
booktitle = {Oxford Dictionaries},
title = {{Pok\'{e}mon | Definition of Pok\'{e}mon in English by Oxford Dictionaries}},
url = {http://en.oxforddictionaries.com/definition/pokemon},
year = {2019}
}
@incollection{kripke1972naming,
  title={Naming and necessity},
  author={Kripke, Saul A},
  booktitle={Semantics of natural language},
  pages={253--355},
  year={1972},
  publisher={Springer}
}
@book{carey2009origin,
  title={The origin of concepts},
  author={Carey, Susan},
  year={2009},
  publisher={Oxford University Press}
}
@article{carey2011precis,
  title={Pr{\'e}cis of the origin of concepts},
  author={Carey, Susan},
  journal={Behavioral and Brain Sciences},
  volume={34},
  number={3},
  pages={113--124},
  year={2011},
  publisher={Cambridge University Press}
}
@misc{wikipedia-association-football,
booktitle = {Wikipedia},
title = {{Wikipedia - Association Football}},
url = {https://en.wikipedia.org/wiki/Association_football},
year = {2019}
}
@misc{wikipedia-giraffe,
booktitle = {Wikipedia},
title = {{Wikipedia - Giraffe}},
url = {https://en.wikipedia.org/wiki/Giraffe},
year = {2019}
}
@misc{def-giraffe,
booktitle = {Oxford Dictionaries},
title = {{Giraffe | Definition of Giraffe in English by Oxford Dictionaries}},
url = {http://en.oxforddictionaries.com/definition/giraffe},
year = {2019}
}
@article{belnap1993rigorous,
  title={On rigorous definitions},
  author={Belnap, Nuel},
  journal={Philosophical studies},
  volume={72},
  number={2},
  pages={115--146},
  year={1993},
  publisher={Springer}
}
@incollection{kahneman2013prospect,
  title={Prospect theory: An analysis of decision under risk},
  author={Kahneman, Daniel and Tversky, Amos},
  booktitle={Handbook of the fundamentals of financial decision making: Part I},
  pages={99--127},
  year={2013},
  publisher={World Scientific}
}
@techreport{mullainathan2000behavioral,
  title={Behavioral economics},
  author={Mullainathan, Sendhil and Thaler, Richard H},
  year={2000},
  institution={National Bureau of Economic Research}
}
@book{walton1989informal,
  title={Informal logic: A handbook for critical argument},
  author={Walton, Douglas N and Walton, David N},
  year={1989},
  publisher={Cambridge University Press}
}
@article{beck1956kant,
  title={Kant's theory of definition},
  author={Beck, Lewis White},
  journal={The Philosophical Review},
  volume={65},
  number={2},
  pages={179--191},
  year={1956}
}
@book{kant2004lectures,
  title={Lectures on logic},
  author={Kant, Immanuel},
  year={2004},
  publisher={Cambridge University Press}
}
@book{kant1999critique,
  title={Critique of pure reason},
  author={Kant, Immanuel},
  year={1999},
  publisher={Cambridge university press}
}
@misc{wikipedia-known-knowns,
booktitle = {Wikipedia},
title = {{Wikipedia - There are known knowns}},
url = {https://en.wikipedia.org/wiki/There{\_}are{\_}known{\_}knowns},
year = {2019}
}
@misc{songmeanings-lost-in-the-flood,
booktitle = {Songmeanings.com},
title = {{Songmeanings.com - Bruce Springsteen – Lost In The Flood}},
url = {http://songmeanings.com/songs/view/3458764513820553364/}
}
@misc{wikipedia-lost-in-the-flood,
booktitle = {Wikipedia},
title = {{Wikipedia - Lost in the Flood}},
url = {http://en.wikipedia.org/wiki/Lost{\_}in{\_}the{\_}Flood},
year = {2019}
}
@misc{wikipedia-hd156668b,
booktitle = {Wikipedia},
title = {{Wikipedia - HD 156668 b}},
url = {http://en.wikipedia.org/wiki/HD{\_}156668{\_}b},
year = {2019}
}
@misc{christensen2016,
author = {Christensen, Clayton M and Raynor, Micahel E. and McDonald, Rory},
booktitle = {Harvard Business Review},
keywords = {Competition (Economics),Disruptive technologies,Small business,Strategic planning,Success in business,Taxicab industry,Uber Technologies Inc.},
number = {12},
title = {{Christensen What Is Disruptive Innovation?}},
year = {2015}
}
@article{dougherty2008interpretive,
author = {Dougherty, Deborah},
doi = {10.1287/orsc.3.2.179},
issn = {1047-7039},
journal = {Organization Science},
title = {{Interpretive Barriers to Successful Product Innovation in Large Firms}},
year = {2008}
}
@article{dyer2009innovators,
author = {Dyer, Jeffrey H. and Gregersen, Hal B. and Christensen, Clayton M.},
issn = {00178012},
journal = {Harvard Business Review},
title = {{The innovator's DNA}},
year = {2009}
}
@article{von2005democratizing,
author = {Hippel, Eric Von},
journal = {MIT Press},
number = {1},
pages = {1--26},
publisher = {Springer},
title = {{Democratizing Innovation : The evolving phenomenon of user innovation 1 Democratizing Innovation : The evolving phenomenon of user innovation}},
url = {http://mit.edu/evhippel/www/democ.htm},
volume = {55},
year = {2005}
}
@book{taleb2012antifragile,
author = {Holman, Jeff},
booktitle = {Quantitative Finance},
doi = {10.1080/14697688.2013.829244},
issn = {1469-7688},
number = {11},
pages = {1691--1692},
publisher = {Random House Incorporated},
title = {{Antifragile: Things That Gain from Disorder}},
url = {http://www.tandfonline.com/doi/abs/10.1080/14697688.2013.829244},
volume = {13},
year = {2013}
}
@incollection{Kittredge2012,
author = {Kittredge, Richard I.},
booktitle = {The Oxford Handbook of Computational Linguistics},
doi = {10.1093/oxfordhb/9780199276349.013.0023},
isbn = {9780191743573},
keywords = {Contrast,Control,Grammar,Natural,Restricted,Standard},
title = {{Sublanguages and Controlled Languages}},
volume = {9780199276349},
year = {2012}
}
@incollection{Kraut2017,
author = {Kraut, Richard},
booktitle = {Stanford Encyclopedia of Philosophy},
keywords = {ilang},
mendeley-tags = {ilang},
publisher = {Stanford University},
title = {{Plato}},
url = {http://plato.stanford.edu/entries/plato/},
year = {2017}
}
@article{Kuhn2014,
author = {Kuhn, Tobias},
doi = {10.1162/COLI_a_00168},
issn = {08912017},
journal = {Computational Linguistics},
number = {1},
pages = {121--170},
title = {{A Survey and Classification of Controlled Natural Languages}},
volume = {40},
year = {2014}
}
@misc{martins2003building,
author = {Martins, E. C. and Terblanche, F.},
booktitle = {European Journal of Innovation Management},
doi = {10.1108/14601060310456337},
issn = {14601060},
keywords = {Attitudes,Creativity,Innovation,Organisational culture},
title = {{Building organisational culture that stimulates creativity and innovation}},
year = {2003}
}
@book{christensen2013innovator,
author = {Mentzer, Marc S.},
booktitle = {Academy of Management Executive},
doi = {10.5465/ame.2004.12689164},
number = {1},
pages = {132--133},
publisher = {Harvard Business Review Press},
title = {{The Innovator's Solution: Creating and Sustaining Successful Growth.}},
volume = {18},
year = {2011}
}
@incollection{Michaelson2019,
author = {Michaelson, Eliot and Reimer, Marga},
booktitle = {Stanford Encyclopedia of Philosophy},
publisher = {Stanford University},
title = {{Reference}},
url = {http://plato.stanford.edu/archives/spr2019/entries/reference/ },
year = {2019}
}
@misc{def-idea,
booktitle = {Oxford Dictionaries},
title = {{Idea | Definition of Idea in English by Oxford Dictionaries}},
url = {http://en.oxforddictionaries.com/definition/idea},
year = {2019}
}
@misc{def-abstract,
booktitle = {Oxford Dictionaries},
title = {{Definition of Abstract in English by Oxford Dictionaries}},
url = {http://en.oxforddictionaries.com/definition/abstract},
year = {2019}
}
@misc{def-invention,
booktitle = {Oxford Dictionaries},
title = {{Definition of Invention in English by Oxford Dictionaries}},
url = {http://en.oxforddictionaries.com/definition/invention},
year = {2019}
}
@misc{def-innovation,
booktitle = {Oxford Dictionaries},
title = {{Definition of Innovation in English by Oxford Dictionaries}},
url = {http://en.oxforddictionaries.com/definition/innovation},
year = {2019}
}
@book{ries2011leanstartup,
author = {Ries, Eric},
publisher = {Crown Books},
title = {{The lean startup: How today's entrepreneurs use continuous innovation to create radically successful businesses}},
year = {2011}
}
@misc{Sperber2005,
author = {Sperber, Dan},
booktitle = {Edge - The Third Culture},
title = {{An Epidemiology of Representations - A Talk with Dan Sperber}},
url = {http://www.edge.org/documents/archive/edge164.html},
volume = {164},
year = {2005}
}
@misc{Sperber2017,
author = {Sperber, Dan},
title = {{The Function of Reason - A Conversation With Dan Sperber}},
url = {http://edge.org/conversation/dan{\_}sperber-the-function-of-reason},
year = {2017}
}
@book{taleb2005fooled,
author = {Sriram, Shobha},
booktitle = {SDMIMD Journal of Management},
doi = {10.18311/sdmimd/2014/2673},
issn = {0976-0652},
number = {1},
pages = {93},
publisher = {Random House Incorporated},
title = {{Fooled by Randomness: The Hidden Role of Chance in Life and in the Markets}},
volume = {5},
year = {2017}
}
@book{taleb2005fooled1,
author = {Taleb, Nassim},
publisher = {Random House Incorporated},
title = {{Fooled by randomness: The hidden role of chance in life and in the markets}},
volume = {1},
year = {2005}
}
@book{taleb2007black1,
author = {Taleb, Nassim Nicholas},
publisher = {Random house},
title = {{The black swan: The impact of the highly improbable}},
volume = {2},
year = {2007}
}
@book{taleb2012antifragile1,
author = {Taleb, Nassim Nicholas},
publisher = {Random House Incorporated},
title = {{Antifragile: Things that gain from disorder}},
volume = {3},
year = {2012}
}
@article{teece1992,
author = {Teece, David J.},
doi = {10.1016/0167-2681(92)90050-L},
issn = {01672681},
journal = {Journal of Economic Behavior and Organization},
number = {1},
pages = {1--25},
title = {{Competition, cooperation, and innovation. Organizational arrangements for regimes of rapid technological progress}},
volume = {18},
year = {1992}
}
@article{teece1997,
author = {Teece, David J. and Pisano, Gary and Shuen, Amy},
doi = {10.1002/(SICI)1097-0266(199708)18:7<509::AID-SMJ882>3.0.CO;2-Z},
issn = {01432095},
journal = {Strategic Management Journal},
keywords = {Capabilities,Competences,Innovation,Knowledge assets,Path dependency,Strategy},
number = {7},
pages = {509--533},
title = {{Dynamic capabilities and strategic management}},
volume = {18},
year = {1997}
}
@misc{Wright2015a,
author = {Wright, Mic},
booktitle = {The Next Web},
keywords = {ilang},
mendeley-tags = {ilang},
title = {{The original iPhone announcement annotated: Steve Jobs' genius meets Genius}},
url = {https://thenextweb.com/apple/2015/09/09/genius-annotated-with-genius/},
urldate = {2019-05-20},
year = {2015}
}
@article{mizzaro1997relevance,
  title={Relevance: The whole history},
  author={Mizzaro, Stefano},
  journal={Journal of the American society for information science},
  volume={48},
  number={9},
  pages={810--832},
  year={1997},
  publisher={Wiley Online Library}
}
@article{sperber1995relevance,
  title={Relevance theory explains the selection task},
  author={Sperber, Dan and Cara, Francesco and Girotto, Vittorio},
  journal={Cognition},
  volume={57},
  number={1},
  pages={31--95},
  year={1995},
  publisher={Elsevier}
}
@book{sperber1986relevance,
  title={Relevance: Communication and cognition},
  author={Sperber, Dan and Wilson, Deirdre},
  volume={142},
  year={1986},
  publisher={Harvard University Press Cambridge, MA}
}